@article{Ahrens2014,
author = {Ahrens, Cory D.},
journal = {Nuclear Science and Engineering},
volume = {accepted},
title = {{Lagrange Discrete Ordinates: a new angular discretization for the
three dimensional linear Boltzmann equation}},
year = {2014}
}
@book{Bondarenko1964,
address = {New York, NY},
author = {Bondarenko, I. I.},
publisher = {Consultants Bureau Enterprises, Inc.},
title = {{Group Constants for Nuclear Reactor Calculations}},
year = {1964}
}
@article{Cooper2001,
author = {Cooper, M. A. and Larsen, E. W.},
journal = {Nuclear Science and Engineering},
number = {1},
pages = {1--13},
title = {{Automated Weight Windows for Global Monte Carlo Particle Transport Calculations}},
volume = {137},
year = {2001}
}
@article{Evans2010,
author = {Evans, T. M. and Stafford, A. S. and Slaybaugh, R. N. and Clarno, K. T.},
journal = {Nuclear Technology},
number = {2},
pages = {171--200},
title = {{Denovo: A New Three-Dimensional Parallel Discrete Ordinates Code in SCALE}},
volume = {171},
year = {2010}
}
@techreport{MCNP2008,
address = {Los Alamos, NM},
author = {},
booktitle = {LA-UR-03-1987},
institution = {Los Alamos National Laboratory},
number = {LA-UR-03-1987},
title = {{X--5 Monte Carlo Team, MCNP -- A General Monte Carlo N-Particle Transport code, Version 5, Volume 1: Overview and Theory}},
year = {2008}
}
@inproceedings{Peplow2012,
address = {San Diego, CA},
author = {Peplow, D. E.},
booktitle = {Transactions of the American Nuclear Society},
publisher = {American Nuclear Society},
pages = {512-515},
title = {Comparison of Hybrid Methods for Global Variance Reduction in Shielding Calculations},
volume = {107},
year = {2012}
}	
@techreport{SCALE,
address = {Oak Ridge, TN},
author = {},
booktitle = {SCALE: A Comprehensive Modeling and Simulation Suite for Nuclear Safety Analysis and Design},
institution = {Radiation Safety Information Computational Center at Oak Ridge National Laboratory},
number = {ORNL/TM-2005/39},
title = {{SCALE Version 6.1, Section S6}},
year = {2011}
}
@inproceedings{Wagner2007,
address = {Washington, DC},
author = {Wagner, John C. and Blakeman, Edward D. and Peplow, Douglas E.},
booktitle = {Transactions of the American Nuclear Society},
publisher = {American Nuclear Society},
pages = {630--633},
title = {{Forward-Weighted CADIS Method for Global Variance Reduction}},
volume = {97},
year = {2007}
}	
