@article{Davidson2013,
author = {Davidson, Gregory G. and Evans, Thomas M. and Jarrell, Jousha J. and Hamilton, Steven P. and Pandy, Tara M. and Slaybaugh, Rachel N.},
journal = {Nuclear Science and Engineering},
volume = {177},
pages = {111--125},
title = {{Massively Parallel, Three-Dimensional Transport Solutions for the k-Eigenvalue Problem}},
year = {2014}
}

@article{denovo,
author = {Evans, T. M. and Stafford, A. S. and Slaybaugh, R. N. and Clarno, K. T.},
address = {Oak Ridge, TN},
institution = {Oak Ridge National Lab},
journal = {Nuclear Technology},
number = {2},
pages = {171--200},
title = {{Denovo: A New Three-Dimensional Parallel Discrete Ordinates Code in SCALE}},
volume = {171},
year = {2010}
}

@article{Slaybaugh2013,
author = {Slaybaugh, R. N. and Evans, T. M. and Davidson, G. G. and Wilson, P. P. H.},
journal = {Journal of Computational Physics},
number = {},
pages = {405--419},
title = {{Multigrid in energy preconditioner for Krylov solvers}},
volume = {242},
year = {2013}
}

@inproceedings{Slaybaugh2012,
address = {Knoxville, TN},
author = {Slaybaugh, R. N. and Evans, T. M. and Davidson, G. G. and Wilson, P. P. H.},
booktitle = {PHYSOR 2012 Advances in Reactor Physics Linking Research, Industry, and Education},
file = {:home/nuceraccoon/Documents/PhD\_Research/Papers/Physor2012\_Paper/physor2012\_Slaybaugh.pdf:pdf},
keywords = {energy decomposition,krylov methods,rayleigh quotient,shifted inverse iteration},
publisher = {American Nuclear Society},
title = {{Rayleigh Quotient Iteration in 3D, Deterministic Neutron Transport}},
year = {2012}
}
