/home/slayer/Software/PyNE/pyne/docs/pynepubs.bib