@ONLINE{pyne2014,
author = {{the PyNE Development Team}},
title = {{PyNE: The Nuclear Engineering Toolkit}},
year = {2014},
url = {http://pyne.io}
}

@PhdThesis{warp,
title = {The Development of WARP - A Framework for Continuous Energy Monte Carlo Neutron Transport in General 3D Geometries on GPUs},
author = {Ryan Bergmann},
school = {University of California, Berkeley},
month = {May},
year = {2014}
}

@inproceedings{woodcock,
  title={Techniques used in the {GEM code for Monte Carl}o neutronics calculations in reactors and other systems of complex geometry},
  author={Woodcock, E and Murphy, T and Hemmings, P and Longworth, S},
  booktitle={Proc. Conf. Applications of Computing Methods to Reactor Problems},
  volume={557},
  year={1965}
}

@article{Evans2010,
author = {Evans, T. M. and Stafford, A. S. and Slaybaugh, R. N. and Clarno, K. T.},
journal = {Nuclear Technology},
number = {2},
pages = {171--200},
title = {{Denovo: A New Three-Dimensional Parallel Discrete Ordinates Code in SCALE}},
volume = {171},
year = {2010}
}

@techreport{Peplow2012,
address = {Oak Ridge, TN},
author = {Peplow, D. E. and Mosher, S. W. and Evans, T. M.},
booktitle = {},
institution = {Oak Ridge National Laboratory},
number = {ORNL/TM-2012/7},
title = {{Consistent Adjoint Driven Importance Sampling Using Space, Energy and Angle}},
year = {2012}
}