../2015-01-mines/2015-01-mines.bib