../2015-06-ornl/2015-06-ornl.bib