../2015-03-mpact/2015-03-mpact.bib